@book{hastie2009elements,
  title={The elements of statistical learning: data mining, inference, and prediction, Springer Series in Statistics},
  author={Hastie, Trevor and Tibshirani, Robert and Friedman, Jerome},
  year={2009},
  publisher={Springer New York}
}

@article{belloni2014inference,
  title={Inference on treatment effects after selection among high-dimensional controls},
  author={Belloni, Alexandre and Chernozhukov, Victor and Hansen, Christian},
  journal={The Review of Economic Studies},
  volume={81},
  number={2},
  pages={608--650},
  year={2014},
  publisher={Oxford University Press}
}

@article{lee2016exact,
  title={Exact post-selection inference, with application to the lasso},
  author={Lee, Jason D and Sun, Dennis L and Sun, Yuekai and Taylor, Jonathan E and others},
  journal={The Annals of Statistics},
  volume={44},
  number={3},
  pages={907--927},
  year={2016},
  publisher={Institute of Mathematical Statistics}
}

@article{robins1997toward,
  title={Toward a curse of dimensionality appropriate (CODA) asymptotic theory for semi-parametric models},
  author={Robins, James M and Ritov, Ya'acov},
  journal={Statistics in medicine},
  volume={16},
  number={3},
  pages={285--319},
  year={1997},
  publisher={Wiley Online Library}
}

@article{graham2012inverse,
  title={Inverse probability tilting for moment condition models with missing data},
  author={Graham, Bryan S and Pinto, Cristine Campos de Xavier and Egel, Daniel},
  journal={The Review of Economic Studies},
  volume={79},
  number={3},
  pages={1053--1079},
  year={2012},
  publisher={Oxford University Press}
}

@article{athey2018approximate,
  title={Approximate residual balancing: debiased inference of average treatment effects in high dimensions},
  author={Athey, Susan and Imbens, Guido W and Wager, Stefan},
  journal={Journal of the Royal Statistical Society: Series B (Statistical Methodology)},
  volume={80},
  number={4},
  pages={597--623},
  year={2018},
  publisher={Wiley Online Library}
}
@article{robins1986new,
  title={A new approach to causal inference in mortality studies with a sustained exposure period},
  author={Robins, James},
  journal={Mathematical modelling},
  volume={7},
  number={9-12},
  pages={1393--1512},
  year={1986},
  publisher={Elsevier}
}

@article{belloni2017program,
  title={Program evaluation and causal inference with high-dimensional data},
  author={Belloni, Alexandre and Chernozhukov, Victor and Fern{\'a}ndez-Val, Ivan and Hansen, Christian},
  journal={Econometrica},
  volume={85},
  number={1},
  pages={233--298},
  year={2017},
  publisher={Wiley Online Library}
}

@article{cassel1976some,
  title={Some results on generalized difference estimation and generalized regression estimation for finite populations},
  author={Cassel, Claes M and S{\"a}rndal, Carl E and Wretman, Jan H},
  journal={Biometrika},
  volume={63},
  number={3},
  pages={615--620},
  year={1976},
  publisher={Oxford University Press}
}

@article{tibshirani1996regression,
  title={Regression shrinkage and selection via the lasso},
  author={Tibshirani, Robert},
  journal={Journal of the Royal Statistical Society: Series B (Methodological)},
  volume={58},
  number={1},
  pages={267--288},
  year={1996},
  publisher={Wiley Online Library}
}

@article{mullainathan2017machine,
  title={Machine learning: an applied econometric approach},
  author={Mullainathan, Sendhil and Spiess, Jann},
  journal={Journal of Economic Perspectives},
  volume={31},
  number={2},
  pages={87--106},
  year={2017}
}

@article{varian2014big,
  title={Big data: New tricks for econometrics},
  author={Varian, Hal R},
  journal={Journal of Economic Perspectives},
  volume={28},
  number={2},
  pages={3--28},
  year={2014}
}

@article{jean2016combining,
  title={Combining satellite imagery and machine learning to predict poverty},
  author={Jean, Neal and Burke, Marshall and Xie, Michael and Davis, W Matthew and Lobell, David B and Ermon, Stefano},
  journal={Science},
  volume={353},
  number={6301},
  pages={790--794},
  year={2016},
  publisher={American Association for the Advancement of Science}
}

@article{gentzkow2010drives,
  title={What drives media slant? Evidence from US daily newspapers},
  author={Gentzkow, Matthew and Shapiro, Jesse M},
  journal={Econometrica},
  volume={78},
  number={1},
  pages={35--71},
  year={2010},
  publisher={Wiley Online Library}
}

@article{blumenstock2015predicting,
  title={Predicting poverty and wealth from mobile phone metadata},
  author={Blumenstock, Joshua and Cadamuro, Gabriel and On, Robert},
  journal={Science},
  volume={350},
  number={6264},
  pages={1073--1076},
  year={2015},
  publisher={American Association for the Advancement of Science}
}

@article{newey2003instrumental,
  title={Instrumental variable estimation of nonparametric models},
  author={Newey, Whitney K and Powell, James L},
  journal={Econometrica},
  volume={71},
  number={5},
  pages={1565--1578},
  year={2003},
  publisher={Wiley Online Library}
}

@inproceedings{hartford2017deep,
  title={Deep IV: A flexible approach for counterfactual prediction},
  author={Hartford, Jason and Lewis, Greg and Leyton-Brown, Kevin and Taddy, Matt},
  booktitle={Proceedings of the 34th International Conference on Machine Learning-Volume 70},
  pages={1414--1423},
  year={2017},
  organization={JMLR. org}
}

@inproceedings{kogan2009predicting,
  title={Predicting risk from financial reports with regression},
  author={Kogan, Shimon and Levin, Dimitry and Routledge, Bryan R and Sagi, Jacob S and Smith, Noah A},
  booktitle={Proceedings of Human Language Technologies: The 2009 Annual Conference of the North American Chapter of the Association for Computational Linguistics},
  pages={272--280},
  year={2009},
  organization={Association for Computational Linguistics}
}

@article{becerra2005neural,
  title={Neural and wavelet network models for financial distress classification},
  author={Becerra, Victor M and Galv{\~a}o, Roberto KH and Abou-Seada, Magda},
  journal={Data Mining and Knowledge Discovery},
  volume={11},
  number={1},
  pages={35--55},
  year={2005},
  publisher={Springer}
}

@article{newey1997convergence,
  title={Convergence rates and asymptotic normality for series estimators},
  author={Newey, Whitney K},
  journal={Journal of econometrics},
  volume={79},
  number={1},
  pages={147--168},
  year={1997},
  publisher={Elsevier}
}

@article{athey2017beyond,
  title={Beyond prediction: Using big data for policy problems},
  author={Athey, Susan},
  journal={Science},
  volume={355},
  number={6324},
  pages={483--485},
  year={2017},
  publisher={American Association for the Advancement of Science}
}

@article{simila2007input,
  title={Input selection and shrinkage in multiresponse linear regression},
  author={Simil{\"a}, Timo and Tikka, Jarkko},
  journal={Computational Statistics \& Data Analysis},
  volume={52},
  number={1},
  pages={406--422},
  year={2007},
  publisher={Elsevier}
}

@article{chen2016sparse,
  title={Sparse reduced-rank regression with covariance estimation},
  author={Chen, Lisha and Huang, Jianhua Z},
  journal={Statistics and Computing},
  volume={26},
  number={1-2},
  pages={461--470},
  year={2016},
  publisher={Springer}
}

@article{she2012iterative,
  title={An iterative algorithm for fitting nonconvex penalized generalized linear models with grouped predictors},
  author={She, Yiyuan},
  journal={Computational Statistics \& Data Analysis},
  volume={56},
  number={10},
  pages={2976--2990},
  year={2012},
  publisher={Elsevier}
}

@article{turlach2005simultaneous,
  title={Simultaneous variable selection},
  author={Turlach, Berwin A and Venables, William N and Wright, Stephen J},
  journal={Technometrics},
  volume={47},
  number={3},
  pages={349--363},
  year={2005},
  publisher={Taylor \& Francis}
}

@article{bakin1999adaptive,
  title={Adaptive regression and model selection in data mining problems},
  author={Bakin, Sergey and others},
  year={1999},
  publisher={The Australian National University}
}

@article{yuan2006model,
  title={Model selection and estimation in regression with grouped variables},
  author={Yuan, Ming and Lin, Yi},
  journal={Journal of the Royal Statistical Society: Series B (Statistical Methodology)},
  volume={68},
  number={1},
  pages={49--67},
  year={2006},
  publisher={Wiley Online Library}
}

@article{breiman1997predicting,
  title={Predicting multivariate responses in multiple linear regression},
  author={Breiman, Leo and Friedman, Jerome H},
  journal={Journal of the Royal Statistical Society: Series B (Statistical Methodology)},
  volume={59},
  number={1},
  pages={3--54},
  year={1997},
  publisher={Wiley Online Library}
}

@article{sofer2014variable,
  title={Variable selection for high dimensional multivariate outcomes},
  author={Sofer, Tamar and Dicker, Lee and Lin, Xihong},
  journal={Statistica Sinica},
  volume={24},
  number={4},
  pages={1633},
  year={2014},
  publisher={NIH Public Access}
}

